<?xml version="1.0" encoding="UTF-8"?><collection xmlns="http://www.loc.gov/MARC21/slim"><record><leader>00546nam--2200145-i-4500</leader><controlfield tag="001">000047193</controlfield><controlfield tag="002">20161230</controlfield><controlfield tag="005">20161230201046</controlfield><controlfield tag="008">060222s1000------------r-----000-0-eng-d</controlfield><datafield ind1=" " ind2=" " tag="080"><subfield code="a">621.313</subfield></datafield><datafield ind1=" " ind2=" " tag="100"><subfield code="a">Weinrich, G</subfield></datafield><datafield ind1=" " ind2=" " tag="245"><subfield code="a">Stadiul si perspectivele realizarilor in domeniul instalatiilor reglabile pentru actionari electrice si echipamente electroenergetice</subfield></datafield><datafield ind1=" " ind2=" " tag="260"><subfield code="a">Bucuresti, Consiliul National Al Inginerilor Si Tehnicienilor, 1969, 21p</subfield></datafield><datafield ind1=" " ind2=" " tag="490"><subfield code="a">A Doua Conferinta A Electricienilor. Vi. Sectia Actionari Electrice</subfield></datafield><datafield ind1=" " ind2=" " tag="852"><subfield code="a">31668</subfield></datafield></record></collection>